@article{seity2011arome,
  title={The AROME-France convective-scale operational model},
  author={Seity, Y and Brousseau, P and Malardel, S and Hello, G and B{\'e}nard, P and Bouttier, F and Lac, C and Masson, V},
  journal={Monthly Weather Review},
  volume={139},
  number={3},
  pages={976--991},
  year={2011}
}
%DRAFT noch nicht fertig!!
@inproceedings{aladin1,
  title={The ALADIN System and its Canonical Model Configurations AROME and ALARO},
  author={Termonia, P and Fischer,C and Degrauwe, D and Derkova, M and Pottier, P and Bazile, E and others},
  booktitle={Annales Geophysicae},
  volume={16},
  number={1},
  pages={90--109},
  year={1997},
  organization={Springer}
}

@inproceedings{lafore1997meso,
  title={The Meso-NH atmospheric simulation system. Part I: Adiabatic formulation and control simulations},
  author={Lafore, J-Ph and Stein, J and Asencio, N and Bougeault, Ph and Ducrocq, V and Duron, J and Fischer, C and H{\'e}reil, P and Mascart, P and Masson, V and others},
  booktitle={Annales Geophysicae},
  volume={16},
  number={1},
  pages={90--109},
  year={1997},
  organization={Springer}
}



@article{bouttier2012impact,
  title={Impact of stochastic physics in a convection-permitting ensemble},
  author={Bouttier, F and Vi{\'e}, B and Nuissier, O and Raynaud, L},
  journal={Monthly Weather Review},
  volume={140},
  number={11},
  pages={3706--3721},
  year={2012}
}



@article{palmer2001nonlinear,
  title={A nonlinear dynamical perspective on model error: A proposal for non-local stochastic-dynamic parametrization in weather and climate prediction models},
  author={Palmer, TN},
  journal={Quarterly Journal of the Royal Meteorological Society},
  volume={127},
  number={572},
  pages={279--304},
  year={2001},
  publisher={Wiley Online Library}
}

%Beschreibung des IFS ensembles, welches die RB fuer unser Model liefert
@article{buizza1999stochastic,
  title={Stochastic representation of model uncertainties in the ECMWF ensemble prediction system},
  author={Buizza, R and Milleer, M and Palmer, TN},
  journal={Quarterly Journal of the Royal Meteorological Society},
  volume={125},
  number={560},
  pages={2887--2908},
  year={1999},
  publisher={Wiley Online Library}
}
% Beshreibung global pattern generator, IFS pertrubation scheme
@article{palmer2009stochastic,
  title={Stochastic parametrization and model uncertainty},
  author={Palmer, TN and Buizza, R and Doblas-Reyes, F and Jung, T and Leutbecher, M and Shutts, GJ and Steinheimer, M and Weisheimer, A},
  journal={ECMWF Tech. Memo},
  volume={598},
  pages={1--42},
  year={2009}
}

@article{clark2008prediction,
  title={Prediction of visibility and aerosol within the operational Met Office Unified Model. I: Model formulation and variational assimilation},
  author={Clark, PA and Harcourt, SA and Macpherson, B and Mathison, CT and Cusack, S and Naylor, M},
  journal={Quarterly Journal of the Royal Meteorological Society},
  volume={134},
  number={636},
  pages={1801--1816},
  year={2008},
  publisher={Wiley Online Library}
}
@inproceedings{hinkley1976laser,
  title={Laser monitoring of the atmosphere},
  author={Hinkley, ED},
  booktitle={Berlin and New York, Springer-Verlag (Topics in Applied Physics. Volume 14), 1976. 396 p},
  volume={14},
  year={1976}
}
@article{koschmeider1924theorie,
  title={Theorie der horizontalen Sichtweite},
  author={Koschmieder, H},
  journal={Beitrage zur Physik der freien Atmosphare},
  pages={33--53},
  year={1924}
}

@article{ballard1992diagnosis,
  title={Diagnosis of visibility in the UK Met Office mesoscale model and the use of a visibility analysis to constrain initial conditions},
  author={Ballard, SP and Wright, BJ and Golding, BW},
  journal={Forecasting Research Scientific Paper},
  number={4},
  year={1992}
}
@article{claxton2008using,
  title={Using a neural network to benchmark a diagnostic parametrization: the Met Office's visibility scheme},
  author={Claxton, BM},
  journal={Quarterly Journal of the Royal Meteorological Society},
  volume={134},
  number={635},
  pages={1527--1537},
  year={2008},
  publisher={Wiley Online Library}
}
%wie calrk aber assymetrisch Mie, erklaerunf vernachlaessigung Rayleigh
@article{price2007advanced,
  title={An advanced model for predicting clear-air visibility},
  author={Price, JD},
  journal={Meteorological Applications},
  volume={14},
  number={4},
  pages={435--439},
  year={2007},
  publisher={Wiley Online Library}
}
@article{stoelinga1999nonhydrostatic,
  title={Nonhydrostatic, mesobeta-scale model simulations of cloud ceiling and visibility for an East Coast winter precipitation event},
  author={Stoelinga, MT and Warner, TT},
  journal={Journal of Applied Meteorology},
  volume={38},
  number={4},
  pages={385--404},
  year={1999}
}

@book{coiffier2011fundamentals,
  title={Fundamentals of numerical weather prediction},
  author={Coiffier, J},
  year={2011},
  publisher={Cambridge University Press}
}


%explanation chaotic atmosphere
@article{lorenz1963deterministic,
  title={Deterministic nonperiodic flow},
  author={Lorenz, E},
  journal={Journal of the atmospheric sciences},
  volume={20},
  number={2},
  pages={130--141},
  year={1963}
}
%butterfly effect
@article{lorenz2000butterfly,
  title={The butterfly effect},
  author={Lorenz, E},
  journal={WORLD SCIENTIFIC SERIES ON NONLINEAR SCIENCE SERIES A},
  volume={39},
  pages={91--94},
  year={2000}
}
%chaos, modern  system theoretical perspective
@article{boeing2016visual,
  title={Visual analysis of nonlinear dynamical systems: Chaos, fractals, self-similarity and the limits of prediction},
  author={Boeing, G},
  journal={Systems},
  volume={4},
  number={4},
  pages={37},
  year={2016},
  publisher={Multidisciplinary Digital Publishing Institute}
}


%super uebersichts artikel, perfekt fuer einleitung
@article{bauer2015quiet,
  title={The quiet revolution of numerical weather prediction},
  author={Bauer, P and Thorpe, A and Brunet, G},
  journal={Nature},
  volume={525},
  number={7567},
  pages={47--55},
  year={2015},
  publisher={Nature Research}
}
%Es wird das erstemal die Atmoshaere so beschrieben, dass man das zu loesende GlSys erhaelt
@article{abbe1901physical,
  title={The physical basis of long-range weather forecasts},
  author={Abbe, C},
  journal={Monthly Weather Review},
  volume={29},
  number={12},
  pages={551--561},
  year={1901}
}

@online{ukmet,
author = {UK Metoffice},
title  = {The Unified Model},
date   = {2016-12},
url    = {https://www.metoffice.gov.uk/research/modelling-systems/unified-model}
}

%aerosoldaten
@online{nasa,
author = {{NASA Goddard Institute of Space Studies}},
title  = {NASA aerosol transport modelling},
year   = {2013},
urldate = {2018-01-20},
url    = {https://gacp.giss.nasa.gov/data_sets/transport/}
}





%Erklaert basics of NWP allgemein, gleichungen in kern vom code
@book{kalnay2003atmospheric,
  title={Atmospheric modeling, data assimilation and predictability},
  author={Kalnay, E},
  year={2003},
  publisher={Cambridge university press}
}





% zeigt simple parameterisierung rein abhaengig von RH
@article{gultepe2010probabilistic,
  title={Probabilistic parameterizations of visibility using observations of rain precipitation rate, relative humidity, and visibility},
  author={Gultepe, I and Milbrandt, JA},
  journal={Journal of Applied Meteorology and Climatology},
  volume={49},
  number={1},
  pages={36--46},
  year={2010}
}





%Gultepe LCW teil der visibility aus dem Postrpocessing

@article{gultepe2006,
author = { Gultepe, I  and Müller, MD    and  Boybeyi, Z },
title = {A New Visibility Parameterization for Warm-Fog Applications in Numerical Weather Prediction Models},
journal = {Journal of Applied Meteorology and Climatology},
volume = {45},
number = {11},
pages = {1469-1480},
year = {2006},

    abstract = { Abstract The objective of this work is to suggest a new warm-fog visibility parameterization scheme for numerical weather prediction (NWP) models. In situ observations collected during the Radiation and Aerosol Cloud Experiment, representing boundary layer low-level clouds, were used to develop a parameterization scheme between visibility and a combined parameter as a function of both droplet number concentration Nd and liquid water content (LWC). The current NWP models usually use relationships between extinction coefficient and LWC. A newly developed parameterization scheme for visibility, Vis = f (LWC, Nd), is applied to the NOAA Nonhydrostatic Mesoscale Model. In this model, the microphysics of fog was adapted from the 1D Parameterized Fog (PAFOG) model and then was used in the lower 1.5 km of the atmosphere. Simulations for testing the new parameterization scheme are performed in a 50-km innermost-nested simulation domain using a horizontal grid spacing of 1 km centered on Zurich Unique Airport in Switzerland. The simulations over a 10-h time period showed that visibility differences between old and new parameterization schemes can be more than 50\%. It is concluded that accurate visibility estimates require skillful LWC as well as Nd estimates from forecasts. Therefore, the current models can significantly over-/underestimate Vis (with more than 50\% uncertainty) depending on environmental conditions. Inclusion of Nd as a prognostic (or parameterized) variable in parameterizations would significantly improve the operational forecast models. }
}


@article{ollinaho2017towards,
  title={Towards process-level representation of model uncertainties: stochastically perturbed parametrizations in the ECMWF ensemble},
  author={Ollinaho, P and Lock, SJ and Leutbecher, M and Bechtold, P and Beljaars, A and Bozzo, A and Forbes, RM and Haiden, T and Hogan, RJ and Sandu, I},
  journal={Quarterly Journal of the Royal Meteorological Society},
  volume={143},
  number={702},
  pages={408--422},
  year={2017},
  publisher={Wiley Online Library}
}

@article{horvath1981atmospheric,
  title={Atmospheric visibility},
  author={Horvath, H},
  journal={Atmospheric Environment (1967)},
  volume={15},
  number={10-11},
  pages={1785--1796},
  year={1981},
  publisher={Elsevier}
}
%beta cloudwater
@article{kunkel1984parameterization,
  title={Parameterization of droplet terminal velocity and extinction coefficient in fog models},
  author={Kunkel, BA},
  journal={Journal of Climate and applied meteorology},
  volume={23},
  number={1},
  pages={34--41},
  year={1984}
}
%beta rain
@article{rutledge1983mesoscale,
  title={The mesoscale and microscale structure and organization of clouds and precipitation in midlatitude cyclones. VIII: A model for the “seeder-feeder” process in warm-frontal rainbands},
  author={Rutledge, SA and Hobbs, P},
  journal={Journal of the Atmospheric Sciences},
  volume={40},
  number={5},
  pages={1185--1206},
  year={1983}
}
%beta snow, only citation found !!
@book{stallabrass1977measurements,
  title={Measurements of the concentration of falling snow},
  author={Stallabrass, JR},
  year={1977},
  publisher={University of Regina}
}

%Mie scattering theory introduced
@article{mie1908beitrage,
  title={Beiträge zur Optik trüber Medien, speziell kolloidaler Metallösungen},
  author={Mie, G},
  journal={Annalen der Physik},
  volume={330},
  number={3},
  pages={377--445},
  year={1908},
  publisher={Wiley Online Library}
}
%standardwerk atmosphaeren wissenschaften
@book{wallace2006atmospheric,
  title={Atmospheric science: an introductory survey},
  author={Wallace, JM and Hobbs, PV},
  volume={92},
  year={2006},
  publisher={Academic press}
}
@book{chandrasekar2010basics,
  title={Basics of atmospheric science},
  author={Chandrasekar, A and others},
  year={2010},
  publisher={PHI Learning Pvt. Ltd.}
}

@article{phillips1960problem,
  title={On the problem of initial data for the primitive equations},
  author={Phillips, NA},
  journal={Tellus},
  volume={12},
  number={2},
  pages={121--126},
  year={1960},
  publisher={Wiley Online Library}
}
%aersol transporttation scheme
@article{tegen1997contribution,
  title={Contribution of different aerosol species to the global aerosol extinction optical thickness: Estimates from model results},
  author={Tegen, I and Hollrig, P and Chin, M and Fung, I and Jacob, D and Penner, J},
  journal={Journal of Geophysical Research: Atmospheres},
  volume={102},
  number={D20},
  pages={23895--23915},
  year={1997},
  publisher={Wiley Online Library}
}
%benchmark para
@article{009JAMC1927,
author = { Gultepe, I  and  Milbrandt, JA   },
title = {Probabilistic Parameterizations of Visibility Using Observations of Rain Precipitation Rate, Relative Humidity, and Visibility},
journal = {Journal of Applied Meteorology and Climatology},
volume = {49},
number = {1},
pages = {36-46},
year = {2010},

    abstract = { Abstract This study analyzes the occurrence of the visibility (Vis) versus precipitation rates (PR) for rain and versus relative humidity (RH) from surface observations that were collected during the Fog Remote Sensing and Modeling (FRAM) field project, which was conducted near Toronto, Ontario, Canada, during the winter of 2005/06 and in Lunenburg, Nova Scotia, during the summers of 2006 and 2007. The main observations used in the analysis were PR and Vis for rain episodes from the Vaisala, Inc., FD12P present-weather sensor and RH and temperature from the Campbell Scientific Instruments, Inc., HMP45 sensor. The PR is compared with those from a total precipitation sensor to check the accuracy of the FD12P measurements. Vis parameterizations related to precipitation type have been previously studied by many other researchers and showed large variability in Vis (up to 1 order of magnitude) for a fixed PR. The results from the work presented here suggest that 1) significant differences exist among the various parameterizations of Vis (deterministic approach) and 2) statistical relationships obtained using fits applied to percentiles (probabilistic approach) can be a feasible alternative for model applications. Comparisons of previous parameterizations with the new Vis relationships suggest that simulated Vis values based on probabilistic approaches could be used in extreme-weather applications. }
}
%Mie scattering of aerosols
@article{reddy2005estimates,
  title={Estimates of global multicomponent aerosol optical depth and direct radiative perturbation in the Laboratoire de Meteorologie Dynamique general circulation model},
  author={Reddy, M Shekar and Boucher, O and Bellouin, N and Schulz, M and Balkanski, Y and Dufresne, JL and Pham, M}, 
  journal={Journal of Geophysical Research: Atmospheres},
  volume={110},
  number={D10},
  year={2005},
  publisher={Wiley Online Library}
}

%Modell erklaerung
@online{meteofrance,
author = {Bouttier, F },
title  = {The Météo-France NWP system},
date   = {2010-04},
url    = {http://www.umr-cnrm.fr/gmap/nwp/nwpreport.html}
}

%erklaerung modelle und bezug zueinander

@Article{gmd-2017-103,
AUTHOR = {Termonia, P and Fischer, C and Bazile, E and Bouyssel, F and Bro\v{z}kov\'a, R and B\'enard, P and Bochenek, B and Degrauwe, D and Derkova, M and El Khatib, R and Hamdi, R and Ma\v{s}ek, J and Pottier, P and Pristov, N and Seity, Y and Smol\'{\i}kov\'a, P and Spaniel, O and Tudor, M and Wang, Y and Wittmann, C and Joly, A},
TITLE = {The ALADIN System and its Canonical Model Configurations AROME CY41T1 and ALARO CY40T1},
JOURNAL = {Geoscientific Model Development Discussions},
VOLUME = {2017},
YEAR = {2017},
PAGES = {1--45},
}
%erklaerung differnet zones in AROME
@article{haugen1993spectral,
  title={A spectral limited-area model formulation with time-dependent boundary conditions applied to the shallow-water equations},
  author={Haugen, JE and Machenhauer, B},
  journal={Monthly Weather Review},
  volume={121},
  number={9},
  pages={2618--2630},
  year={1993}
}

%Scatterplot software
@online{laven2011mieplot,
  title={MiePlot (A computer program for scattering of light from a sphere using Mie theory and the Debye series)},
  author={Laven, P},
  url={http://www.philiplaven.com/mieplot.htm},
  date={2011}
}
%textbook that explains light scattering
@book{kerker2016scattering,
  title={The scattering of light and other electromagnetic radiation},
  author={Kerker, M},
  year={2016},
  publisher={Elsevier}
}

%Meso-NH doku
@inproceedings{lafore1998p,
  title={The Meso-NH atmospheric simulation system. Part I: Adiabatic formulation and control simulations},
  author={Lafore, JP and Stein, J and Asencio, N and Bougeault, P and Ducrocq, V and Duron, J and Fischer, C},
  booktitle={Annales Geophysicae},
  volume={16},
  pages={90--109},
  year={1998}
}
%standardwerk zu Statistik, gute Erklaerung zu diversen Scores!
@book{wilks2011statistical,
  title={Statistical methods in the atmospheric sciences},
  author={Wilks, DS},
  volume={100},
  year={2011},
  publisher={Academic press}
}

%erklaert wie man liapuonv exponent aus exper. daten berechnet
@article{eckmann1986liapunov,
  title={Liapunov exponents from time series},
  author={Eckmann, J-P and Kamphorst, S Oliffson and Ruelle, D and Ciliberto, S},
  journal={Physical Review A},
  volume={34},
  number={6},
  pages={4971},
  year={1986},
  publisher={APS}
}

@article{poincare1897forme,
  title={Sur une forme nouvelle des {\'e}quations du probl{\`e}me des trois corps},
  author={Poincar{\'e}, H},
  journal={Acta Mathematica},
  volume={21},
  number={1},
  pages={83},
  year={1897},
  publisher={Springer}
}


@article{vannitsem2017predictability,
  title={Predictability of large-scale atmospheric motions: Lyapunov exponents and error dynamics},
  author={Vannitsem, S},
  journal={Chaos: An Interdisciplinary Journal of Nonlinear Science},
  volume={27},
  number={3},
  pages={032101},
  year={2017},
  publisher={AIP Publishing}
}

@online{aladinhp,
author = {Météo-France},
title  = {Official Homepage of the Aladin Consortium},
year = {2017},
urldate   = {2018-01-31},
url    = {http://www.umr-cnrm.fr/aladin/}
}


@online{IFS,
author = {{European Centre for Medium-Range Weather Forecasts}},
title  = {Official IFS Homepage},
year = {2017},
urldate   = {2018-03-20},
url    = {https://www.ecmwf.int/en/forecasts/documentation-and-support/changes-ecmwf-model/ifs-documentation}
}

@book{knauf2018linear,
  author={Knauf, A},
  title={Mathematical Physics: Classical Mechanics},
  year={2018},
  publisher={Springer}
}
%describes Lagrangian, Eulerian and Semi-Lagrangian
@book{durran2010numerical,
  title={Numerical methods for fluid dynamics: With applications to geophysics},
  author={Durran, DR},
  volume={32},
  year={2010},
  publisher={Springer Science \& Business Media}
}

@book{vincent,
  title={CRM Proceedings and Lecture Notes: Numerical Methods in 
  Fluid Mechanics},
  author={Vincent, A},
  volume={16},
  year={1998},
  publisher={Centre de Recherche Mathématique, Université de Montréal}
}
%BC aerosol scheme
@article{liousse1996global,
  title={A global three-dimensional model study of carbonaceous aerosols},
  author={Liousse, C and Penner, JE and Chuang, C and Walton, JJ and Eddleman, H and Cachier, H},
  journal={Journal of Geophysical Research: Atmospheres},
  volume={101},
  number={D14},
  pages={19411--19432},
  year={1996},
  publisher={Wiley Online Library}
}
%sulfate aerosol scheme
@article{chin1996global,
  title={A global three-dimensional model of tropospheric sulfate},
  author={Chin, M and Jacob, DJ and Gardner, GM and Foreman-Fowler, MS and Spiro, PA and Savoie, DL},
  journal={Journal of Geophysical Research: Atmospheres},
  volume={101},
  number={D13},
  pages={18667--18690},
  year={1996},
  publisher={Wiley Online Library}
}

@article{tegen1995contribution,
  title={Contribution to the atmospheric mineral aerosol load from land surface modification},
  author={Tegen, I and Fung, I},
  journal={Journal of Geophysical Research: Atmospheres},
  volume={100},
  number={D9},
  pages={18707--18726},
  year={1995},
  publisher={Wiley Online Library}
}


@book{raith2001erde,
  title={Erde und Planeten, Band 7 der Reihe Bergmann-Schaefer: Lehrbuch der Experimentalphysik},
  author={Raith, W},
  publisher={Walther de Gruyter, Berlin-New York},
  year={2001}
}
%satelitendaten aerosol
@article{kaufman2002satellite,
  title={A satellite view of aerosols in the climate system},
  author={Kaufman, YJ and Tanr{\'e}, D and Boucher, O},
  journal={Nature},
  volume={419},
  number={6903},
  pages={215},
  year={2002},
  publisher={Nature Publishing Group}
}

%nachbarn im [hasenruam finden]
@article{kennel2002false,
  title={False neighbors and false strands: A reliable minimum embedding dimension algorithm},
  author={Kennel, MB and Abarbanel, HDI},
  journal={Physical review E},
  volume={66},
  number={2},
  pages={026209},
  year={2002},
  publisher={APS}
}


@online{sat24,
author = {{The Meteo Company B.V.}},
title  = {online archive of satellite images},
year = {2018},
urldate   = {2018-04-06},
url    = {www.sat24.com}
}

@online{zamg,
author = {{Zentralanstalt für
Meteorologie und Geodynamik}},
title  = {Official homepage and online archive of surface weather analysis},
year = {2018},
urldate   = {2018-04-06},
url    = {www.zamg.ac.at}
}
%beste Mie erklaerung inkl. Herleitung
@book{zdunkowski2007radiation,
  title={Radiation in the atmosphere: a course in theoretical meteorology},
  author={Zdunkowski, W and Trautmann, T and Bott, A},
  year={2007},
  publisher={Cambridge University Press}
}

@book{hulst1957light,
  title={Light scattering by small particles},
  author={van de Hulst, HC},
  year={1957},
  publisher={Courier Corporation}
}
%mathedetails. Mihaly is mitautor
@book{batkai2016mathematical,
  title={Mathematical Problems in Meteorological Modelling},
  author={B{\'a}tkai, A and Csom{\'o}s, P and Farag{\'o}, I and Hor{\'a}nyi, A and Sz{\'e}psz{\'o}, G},
  year={2016},
  publisher={Springer}
}


@article{webster2013meteorology,
  title={Meteorology: Improve weather forecasts for the developing world},
  author={Webster, PJ},
  journal={Nature},
  volume={493},
  number={7430},
  pages={17},
  year={2013},
  publisher={Nature Publishing Group}
}
%Labormessungen ua zu unterschiedlihc starkem hyrgoscopic grwoth
@article{lang2010interaction,
  title={Interaction of internally mixed aerosols with light},
  author={Lang-Yona, N and Abo-Riziq, A and Erlick, C and Segre, E and Trainic, M and Rudich, Y},
  journal={Physical Chemistry Chemical Physics},
  volume={12},
  number={1},
  pages={21--31},
  year={2010},
  publisher={Royal Society of Chemistry}
}
%RUC parametrisierung, findet man nicht mehr offiziell
@inproceedings{smirnova2000case,
  title={Case study verification of RUCS/MAPS fog and visibility forecasts},
  author={Smirnova, TG and Benjamin, SG and Brown, JM},
  booktitle={Conference on Aviation, Range, and Aerospace Meteorology, 9 th, Orlando, FL},
  pages={31--36},
  year={2000}
}
%Uerberblick ueber technishcen hintergruende, Bester Ensemble ueberblick
@article{leutbecher2008ensemble,
  title={Ensemble forecasting},
  author={Leutbecher, M and Palmer, TN},
  journal={Journal of Computational Physics},
  volume={227},
  number={7},
  pages={3515--3539},
  year={2008},
  publisher={Elsevier}
}
%uberblick scatter aglortihms for aerosols
@article{wriedt2009light,
  title={Light scattering theories and computer codes},
  author={Wriedt, T},
  journal={Journal of Quantitative Spectroscopy and Radiative Transfer},
  volume={110},
  number={11},
  pages={833--843},
  year={2009},
  publisher={Elsevier}
}
@online{usgs,
author = {{U.S. Geological Survey}},
title  = {Illustration of  a conic conformal Lambert projection},
year = {2008},
urldate   = {2008-05-06},
url    = {http://erg.usgs.gov/isb/pubs/MapProjections/projections.html}
}
%finite diff and hybrid press
@article{simmons1981energy,
  title={An energy and angular-momentum conserving vertical finite-difference scheme and hybrid vertical coordinates},
  author={Simmons, AJ and Burridge, DM},
  journal={Monthly Weather Review},
  volume={109},
  number={4},
  pages={758--766},
  year={1981}
}
@article{staniforth1991semi,
  title={Semi-Lagrangian integration schemes for atmospheric models—A review},
  author={Staniforth, A and C{\^o}t{\'e}, J},
  journal={Monthly weather review},
  volume={119},
  number={9},
  pages={2206--2223},
  year={1991}
}
%erstes paper zo ensemble am ecmwf
@inproceedings{palmer1993ensemble,
  title={Ensemble prediction},
  author={Palmer, TN and Molteni, F and Mureau, R and Buizza, R and Chapelet, P and Tribbia, J},
  booktitle={Proceedings of the ECMWF Seminar on Validation of models over Europe},
  volume={1},
  year={1993}
}
@Article{Shemyakin2018,
author="Shemyakin, V
and Haario, H",
title="Online identification of large-scale chaotic system",
journal="Nonlinear Dynamics",
year="2018",
}


@article{theis_hense_damrath_2005, title={Probabilistic precipitation forecasts from a deterministic model: a pragmatic approach}, volume={12},  number={3}, journal={Meteorological Applications}, publisher={Cambridge University Press}, author={Theis, SE and Hense, A and Damrath, U}, year={2005}, pages={257–268}}

@article{chmielecki2011probabilistic,
  title={Probabilistic visibility forecasting using Bayesian model averaging},
  author={Chmielecki, RM and Raftery, AE},
  journal={Monthly Weather Review},
  volume={139},
  number={5},
  pages={1626--1636},
  year={2011}
}

@article{Roquelaure,
    author = { Roquelaure,S  and  Tardif,R  and  Remy,S  and   Bergot,T },
    title = {Skill of a Ceiling and Visibility Local Ensemble Prediction System (LEPS) according to Fog-Type Prediction at Paris-Charles de Gaulle Airport},
    journal = {Weather and Forecasting},
    volume = {24},
    number = {6},
    pages = {1511-1523},
    year = {2009}
}
@article{Stensrud,
author = {Stensrud,DJ  and  Bao,J-W  and  Warner, TT },
title = {Using Initial Condition and Model Physics Perturbations in Short-Range Ensemble Simulations of Mesoscale Convective Systems},
journal = {Monthly Weather Review},
volume = {128},
number = {7},
pages = {2077-2107},
year = {2000}
}
@article{documentationpart,
  title={PART V: ENSEMBLE PREDICTION SYSTEM},
  journal  ={DOCUMENTATION--Cy41r2, IFS},
  author ={European Centre for Medium-Range Weather Forecasts},
    year = {2016}
}
%eintieilung ensemble types
@article{du2007uncertainty,
  title={Uncertainty and ensemble forecast},
  author={Du, J},
  journal={Science and Technology Infusion Lecture Series},
  year={2007}
}

%MonteCarlo Froecast introdced
@article{leith1974theoretical,
  title={Theoretical skill of Monte Carlo forecasts},
  author={Leith, CE},
  journal={Monthly Weather Review},
  volume={102},
  number={6},
  pages={409--418},
  year={1974}
}

@article{zhou2012forecast,
  title={Forecast of low visibility and fog from NCEP: Current status and efforts},
  author={Zhou, B and Du, J and Gultepe, I and Dimego, G},
  journal={Pure and applied geophysics},
  volume={169},
  number={5-6},
  pages={895--909},
  year={2012},
  publisher={Springer}
}


@article{WMO,
author = {{World Meteorlogical Organization}},
title  = {Chapter 9 - Measurement of visibility},
journal={ Guide to Meteorological Instruments and Methods of Observation},
volume={8},
pages={291--309},
year={2014},
publisher={WMO}
}
%rechtfertigung fuer 8member
@article{buizza1998impact,
  title={Impact of ensemble size on ensemble prediction},
  author={Buizza, R and Palmer, T N},
  journal={Monthly Weather Review},
  volume={126},
  number={9},
  pages={2503--2518},
  year={1998}
}






@article{buizzaskillspread,
author = { R Buizza },
title = {Potential Forecast Skill of Ensemble Prediction and Spread and Skill Distributions of the ECMWF Ensemble Prediction System},
journal = {Monthly Weather Review},
volume = {125},
number = {1},
pages = {99-119},
year = {1997}
}








@article{kidd2012,
author = {C Kidd and P Bauer and J Turk and GJ Huffman and R Joyce and KL Hsu and D Braithwaite},
title = {Intercomparison of High-Resolution Precipitation Products over Northwest Europe},
journal = {Journal of Hydrometeorology},
volume = {13},
number = {1},
pages = {67-83},
year = {2012}
}







%multimodel
@article{ebert,
author = { EE  Ebert },
title = {Ability of a Poor Man's Ensemble to Predict the Probability and Distribution of Precipitation},
journal = {Monthly Weather Review},
volume = {129},
number = {10},
pages = {2461-2480},
year = {2001}
}







%multiphysics ensemble
@article{Houtekamer,
author = { PL  Houtekamer  and  L  Lefaivre  and  J  Derome  and  H  Ritchie  and  HL  Mitchell },
title = {A System Simulation Approach to Ensemble Prediction},
journal = {Monthly Weather Review},
volume = {124},
number = {6},
pages = {1225-1242},
year = {1996}
}


  	
@article{0034-4885-63-2-201,
  author={TN Palmer},
  title={Predicting uncertainty in forecasts of weather and climate},
  journal={Reports on Progress in Physics},
  volume={63},
  number={2},
  pages={71},
  year={2000}
}
	
